
@misc{MiniGames,
  key = "MiniGames",
  title = {{Google Glass Mini Games}},
  note = {\url{https://developers.google.com/glass/samples/mini-games}},
}

@inproceedings{Chan:2015,
 author = {Chan, Liwei and Hsieh, Chi-Hao and Chen, Yi-Ling and Yang, Shuo and Huang, Da-Yuan and Liang, Rong-Hao and Chen, Bing-Yu},
 title = {Cyclops: Wearable and Single-Piece Full-Body Gesture Input Device.},
 series = {CHI'15},
 publisher = {ACM},
 }

@inproceedings{Chan:2013:FPS:2501988.2502016,
 author = {Chan, Liwei and Liang, Rong-Hao and Tsai, Ming-Chang and Cheng, Kai-Yin and Su, Chao-Huai and Chen, Mike Y. and Cheng, Wen-Huang and Chen, Bing-Yu},
 title = {FingerPad: Private and Subtle Interaction Using Fingertips.},
 series = {UIST'13},
 publisher = {ACM},
} 

@inproceedings{Liang:2012:USG:2350046.2350098,
 author = {Liang, Hai-Ning and Williams, Cary and Semegen, Myron and Stuerzlinger, Wolfgang and Irani, Pourang},
 title = {User-defined Surface+Motion Gestures for 3D Manipulation of Objects at a Distance Through a Mobile Device},
 series = {APCHI'12},
 pages = {299--308},
 publisher = {ACM},

} 

@article{aigner2012understanding,
  title={Understanding mid-air hand gestures: A study of human preferences in usage of gesture types for hci},
  author={Aigner, Roland and Wigdor, Daniel and Benko, Hrvoje and Haller, Michael and Lindbauer, David and Ion, Alexandra and Zhao, Shengdong and Koh, JTKV},
  journal={Microsoft Research TechReport MSR-TR-2012-111},
  year={2012}
}

@incollection{nielsen2004procedure,
  title={A procedure for developing intuitive and ergonomic gesture interfaces for HCI},
  author={Nielsen, Michael and St{\"o}rring, Moritz and Moeslund, Thomas B and Granum, Erik},
  booktitle={Gesture-Based Communication in Human-Computer Interaction},
  pages={409--420},
  year={2004},
  publisher={Springer}
}

@article{karam2005taxonomy,
  title={A taxonomy of gestures in human computer interactions},
  author={Karam, Maria and others},
  year={2005},
  publisher={University of Southampton}
}

@inproceedings{Grijincu:2014:UIG:2669485.2669511,
 author = {Grijincu, Daniela and Nacenta, Miguel A. and Kristensson, Per Ola},
 title = {User-defined Interface Gestures: Dataset and Analysis},
 series = {ITS'14},
 pages = {25--34},
 publisher = {ACM},
} 


@inproceedings{Hsu:2014:GSE:2663204.2669623,
 author = {Hsu, Chun-Yen and Tung, Ying-Chao and Wang, Han-Yu and Chyou, Silvia and Lin, Jer-Wei and Chen, Mike Y.},
 title = {Glass Shooter: Exploring First-Person Shooter Game Control with Google Glass},
 series = {ICMI'14},
 location = {Istanbul, Turkey},
 pages = {70--71},
 publisher = {ACM},
} 

@inproceedings{Piumsomboon:2013:UGA:2468356.2468527,
 author = {Piumsomboon, Thammathip and Clark, Adrian and Billinghurst, Mark and Cockburn, Andy},
 title = {User-defined Gestures for Augmented Reality},
 series = {CHI'13},
 pages = {955--960},
 publisher = {ACM},
 address = {New York, NY, USA},
 keywords = {augmented reality, gestures, guessability},
} 


@misc{DollarN,
key = "DollarN",
title = {{Dollar N Multistroke Recognizer}},
note = {\url{http://depts.washington.edu/aimgroup/proj/dollar/ndollar.html}}

}

@misc{kappavalue,
  key = "kappavalue",
  title = {{Cohen's kappa - Wikipedia, the free encyclopedia}},
   note = {\url{http://en.wikipedia.org/wiki/Cohen's_kappa}}
}


@misc{esa_ef_2014,
  key = "esa_ef_2014",
  title = {{Essential Facts About The Computer And Video Game Industry}},
   note = {\url{http://www.theesa.com/facts/pdfs/esa_ef_2014.pdf}}
}

@inproceedings{Valdes:2014:EDS:2611222.2557373,
 author = {Valdes, Consuelo and Eastman, Diana and Grote, Casey and Thatte, Shantanu and Shaer, Orit and Mazalek, Ali and Ullmer, Brygg and Konkel, Miriam K.},
 title = {Exploring the Design Space of Gestural Interaction with Active Tokens Through User-defined Gestures},
 series = {CHI'14},
 pages = {4107--4116},
 publisher = {ACM},
} 


@inproceedings{Pyryeskin:2012:CEG:2396636.2396638,
 author = {Pyryeskin, Dmitry and Hancock, Mark and Hoey, Jesse},
 title = {Comparing Elicited Gestures to Designer-created Gestures for Selection Above a Multitouch Surface},
 series = {ITS'12},
 pages = {1--10},
 publisher = {ACM},
} 


@inproceedings{Findlater:2012:BQA:2207676.2208660,
 author = {Findlater, Leah and Lee, Ben and Wobbrock, Jacob},
 title = {Beyond QWERTY: Augmenting Touch Screen Keyboards with Multi-touch Gestures for Non-alphanumeric Input},
 series = {CHI'12},
 pages = {2679--2682},
 publisher = {ACM},
} 


@inproceedings{Epps:2006:SHS:1125451.1125601,
 author = {Epps, Julien and Lichman, Serge and Wu, Mike},
 title = {A Study of Hand Shape Use in Tabletop Gesture Interaction},
 series = {CHI'06},
 pages = {748--753},
} 

@inproceedings{Wobbrock:2009:UGS:1518701.1518866,
 author = {Wobbrock, Jacob O. and Morris, Meredith Ringel and Wilson, Andrew D.},
 title = {User-defined Gestures for Surface Computing},
 series = {CHI'09},
 pages = {1083--1092},
 publisher = {ACM},
} 


@inproceedings{Anthony:2012:IRC:2396636.2396671,
 author = {Anthony, Lisa and Brown, Quincy and Nias, Jaye and Tate, Berthel and Mohan, Shreya},
 title = {Interaction and Recognition Challenges in Interpreting Children's Touch and Gesture Input on Mobile Devices},
 series = {ITS'12},
 pages = {225--234},
 publisher = {ACM},
} 

@article{Good:1984:BUI:358274.358284,
 author = {Good, Michael D. and Whiteside, John A. and Wixon, Dennis R. and Jones, Sandra J.},
 title = {Building a User-derived Interface},
 journal = {Commun. ACM},
 volume = {27},
 number = {10},
 year = {1984},
 pages = {1032--1043},
 publisher = {ACM},
} 


@inproceedings{Morris:2012:WWI:2396636.2396651,
 author = {Morris, Meredith Ringel},
 title = {Web on the Wall: Insights from a Multimodal Interaction Elicitation Study},
 series = {ITS'12},
  pages = {95--104},
 publisher = {ACM},
} 

@inproceedings{Wiliamson:2011:MMI:2070481.2070551,
 author = {Wiliamson, Julie R. and Crossan, Andrew and Brewster, Stephen},
 title = {Multimodal Mobile Interactions: Usability Studies in Real World Settings},
 series = {ICMI'11},
 publisher = {ACM},
} 
@inproceedings{Williamson:2013:MEM:2522848.2522874,
 author = {Williamson, Julie R. and Brewster, Stephen and Vennelakanti, Rama},
 title = {Mo!Games: Evaluating Mobile Gestures in the Wild},
 series = {ICMI'13},
 pages = {173--180},
 publisher = {ACM},
}
@inproceedings{Montero:2010:YUS:1851600.1851647,
 author = {Montero, Calkin S. and Alexander, Jason and Marshall, Mark T. and Subramanian, Sriram},
 title = {Would You Do That?: Understanding Social Acceptance of Gestural Interfaces},
 series = {MobileHCI'10},
 pages = {275--278},
 publisher = {ACM},
} 

@inproceedings{Rico:2010:UGM:1753326.1753458,
 author = {Rico, Julie and Brewster, Stephen},
 title = {Usable Gestures for Mobile Interfaces: Evaluating Social Acceptability},
 series = {CHI'10},
 pages = {887--896},
 publisher = {ACM},
}


@inproceedings{Nacke:2011:BGD:1978942.1978958,
 author = {Nacke, Lennart Erik and Kalyn, Michael and Lough, Calvin and Mandryk, Regan Lee},
 title = {Biofeedback Game Design: Using Direct and Indirect Physiological Control to Enhance Game Interaction},
 series = {CHI'11},
 pages = {103--112},
 publisher = {ACM},
} 




@inproceedings{Baba:2007:VGU:1278280.1278285,
 author = {Baba, Tetsuaki and Ushiama, Taketoshi and Tsuruno, Reiji and Tomimatsu, Kiyoshi},
 title = {Video Game That Uses Skin Contact As Controller Input},
 series = {SIGGRAPH'07},
 publisher = {ACM},
} 

@inproceedings{Cheema:2011:WWT:2159365.2159407,
 author = {Cheema, Salman and LaViola, Joseph J.},
 title = {Wizard of Wii: Toward Understanding Player Experience in First Person Games with 3D Gestures},
 series = {FDG'11},
 pages = {265--267},
 publisher = {ACM},
} 


@inproceedings{Harada:2011:VGI:2042053.2042059,
 author = {Harada, Susumu and Wobbrock, Jacob O. and Landay, James A.},
 title = {Voice Games: Investigation into the Use of Non-speech Voice Input for Making Computer Games More Accessible},
 series = {INTERACT'11},
 pages = {11--29},
 publisher = {Springer-Verlag},
} 
@inproceedings{Sporka:2006:NIS:1168987.1169023,
 author = {Sporka, Adam J. and Kurniawan, Sri H. and Mahmud, Murni and Slav\'{\i}k, Pavel},
 title = {Non-speech Input and Speech Recognition for Real-time Control of Computer Games},
 series = {Assets'06},
 pages = {213--220},
 publisher = {ACM},
} 


@inproceedings{Christian:2014:VSI:2559206.2580103,
 author = {Christian, Sheila and Alves, J\'{u}lio and Ferreira, Andr{\'e} and Jesus, Dinarte and Freitas, R\'{u}ben and Vieira, Nelson},
 title = {Volcano Salvation: Interaction Through Gesture and Head Tracking},
 series = {CHI EA'14},
 pages = {297--300},
 publisher = {ACM},
} 
@inproceedings{Yim:2008:EDD:1496984.1497033,
 author = {Yim, Jeffrey and Qiu, Eric and Graham, T. C. Nicholas},
 title = {Experience in the Design and Development of a Game Based on Head-tracking Input},
 series = {Future Play'08},
 pages = {236--239},
 publisher = {ACM},
} 

@inproceedings{Smith:2006:UEM:1178823.1178847,
 author = {Smith, J. David and Graham, T. C. Nicholas},
 title = {Use of Eye Movements for Video Game Control},
 series = {ACE'06},
 publisher = {ACM},
} 

@inproceedings{Sundstedt:2010:GGU:1837101.1837106,
 author = {Sundstedt, Veronica},
 title = {Gazing at Games: Using Eye Tracking to Control Virtual Characters},
 series = {SIGGRAPH'10},
 numpages = {160},
 publisher = {ACM},
} 
@article{Vickers:2013:PLT:2531922.2514856,
 author = {Vickers, Stephen and Istance, Howell and Hyrskykari, Aulikki},
 title = {Performing Locomotion Tasks in Immersive Computer Games with an Adapted Eye-Tracking Interface},
 journal = {ACM Trans. Access. Comput.},
 volume = {5},
 number = {1},
 month = sep,
 year = {2013},
 pages = {2:1--2:33},
 articleno = {2},
 numpages = {33},
 publisher = {ACM},
} 
@inproceedings{Ekman:2008:IEU:1358628.1358820,
 author = {Ekman, Inger M. and Poikola, Antti W. and M\"{a}k\"{a}r\"{a}inen, Meeri K.},
 title = {Invisible Eni: Using Gaze and Pupil Size to Control a Game},
 series = {CHI EA'08},
 pages = {3135--3140},
 publisher = {ACM},
} 

@inproceedings{Park:2014:HFS:2556288.2557091,
 author = {Park, Taiwoo and Lee, Uichin and MacKenzie, Scott and Moon, Miri and Hwang, Inseok and Song, Junehwa},
 title = {Human Factors of Speed-based Exergame Controllers},
 series = {CHI'14},
 pages = {1865--1874},
 publisher = {ACM},
} 



@inproceedings{Lankes:2012:CVC:2367616.2367629,
 author = {Lankes, Michael and Hochleitner, Wolfgang and Hochleitner, Christina and Lehner, Nina},
 title = {Control vs. Complexity in Games: Comparing Arousal in 2D Game Prototypes},
 series = {FnG'12},
 pages = {101--104},
 numpages = {4},
 publisher = {ACM},
} 


@inproceedings{Birk:2013:CYG:2470654.2470752,
 author = {Birk, Max and Mandryk, Regan L.},
 title = {Control Your Game-self: Effects of Controller Type on Enjoyment, Motivation, and Personality in Game},
 series = {CHI'13},
 pages = {685--694},
 publisher = {ACM},
} 


@inproceedings{Cairns:2014:ICI:2556288.2557345,
 author = {Cairns, Paul and Li, Jing and Wang, Wendy and Nordin, A. Imran},
 title = {The Influence of Controllers on Immersion in Mobile Games},
 series = {CHI'14},
 pages = {371--380},
 publisher = {ACM},
} 


@inproceedings{Wobbrock:2005:MGS:1056808.1057043,
 author = {Wobbrock, Jacob O. and Aung, Htet Htet and Rothrock, Brandon and Myers, Brad A.},
 title = {Maximizing the Guessability of Symbolic Input},
 series = {CHI EA'05},
 pages = {1869--1872},
 publisher = {ACM},
} 


@misc{BT100,
  key = "Epson BT-100 Specs.",
  title = {{Epson BT-100 Specs.}},
   note = {\url{http://www.epson.com.au/products/ProjectorAccessories/Moverio_BT-100_specs.asp}}
}


@misc{GoogleGlass,
  key = "Google Glass wiki.",
  title = {{Google Glass wiki.}},
   note = {\url{http://en.wikipedia.org/wiki/Google_Glass#Features}}
}




@article{handAndMind,
  title = {{Hand and Mind: What Gestures Reveal about Thought.}},
  author = {McNeill, D.},
  year = 1992,
  publisher = "University of Chicago Press",
}


@inproceedings{Epps:2006:SHS:1125451.1125601,
 author = {Epps, Julien and Lichman, Serge and Wu, Mike},
 title = {A Study of Hand Shape Use in Tabletop Gesture Interaction},
 series = {CHI EA'06},
 pages = {748--753},
 publisher = {ACM},
} 


@inproceedings{gulf,
  title = {Direct manipulation interfaces.},
  author = {{Hutchins, E.L., Hollan, J.D., Norman, D.A.}},
  booktitle = {Human-Computer Interaction 1},
  year = 1985,
  pages = "311-388",
}


@book{userComputer,
  title = {{The form and content of user-computer dialogues. In Computer Graphics: Principles and Practice.}},
  author = {Foley, J.D., van Dam, A., Feiner, S.K., Hughes, J.F.},
  publisher = {Reading, MA: Addison-Wesley},
  year = 1996,
  pages = "392-395",
}

@inproceedings{Kim:2012:DFI:2380116.2380139,
 author = {Kim, David and Hilliges, Otmar and Izadi, Shahram and Butler, Alex D. and Chen, Jiawen and Oikonomidis, Iason and Olivier, Patrick},
 title = {Digits: Freehand 3D Interactions Anywhere Using a Wrist-worn Gloveless Sensor},
 series = {UIST'12},
 pages = {167--176},
 publisher = {ACM},
} 

@inproceedings{Colaco:2013:MCL:2501988.2502042,
 author = {Cola\c{c}o, Andrea and Kirmani, Ahmed and Yang, Hye Soo and Gong, Nan-Wei and Schmandt, Chris and Goyal, Vivek K.},
 title = {Mime: Compact, Low Power 3D Gesture Sensing for Interaction with Head Mounted Displays},
 series = {UIST'13},
 pages = {227--236},
 publisher = {ACM},
} 

@inproceedings{Harrison:2011:OWM:2047196.2047255,
 author = {Harrison, Chris and Benko, Hrvoje and Wilson, Andrew D.},
 title = {OmniTouch: Wearable Multitouch Interaction Everywhere},
 series = {UIST'11},
 pages = {441--450},
 publisher = {ACM},
} 

@inproceedings{Gustafson:2011:IPL:2047196.2047233,
 author = {Gustafson, Sean and Holz, Christian and Baudisch, Patrick},
 title = {Imaginary Phone: Learning Imaginary Interfaces by Transferring Spatial Memory from a Familiar Device},
 series = {UIST'11},
 pages = {283--292},
 publisher = {ACM},
} 

@inproceedings{Serrano:2014:EUH:2611247.2556984,
 author = {Serrano, Marcos and Ens, Barrett M. and Irani, Pourang P.},
 title = {Exploring the Use of Hand-to-face Input for Interacting with Head-worn Displays},
 series = {CHI'14},
 pages = {3181--3190},
 publisher = {ACM},
} 

@inproceedings{Jing:2013:MRS:2541831.2541875,
 author = {Jing, Lei and Cheng, Zixue and Zhou, Yinghui and Wang, Junbo and Huang, Tongjun},
 title = {Magic Ring: A Self-contained Gesture Input Device on Finger},
 series = {MUM'13},
 pages = {39:1--39:4},
 publisher = {ACM},

} 

@inproceedings{Ashbrook:2011:NSE:1978942.1979238,
 author = {Ashbrook, Daniel and Baudisch, Patrick and White, Sean},
 title = {Nenya: Subtle and Eyes-free Mobile Input with a Magnetically-tracked Finger Ring},
 series = {CHI'11},
 pages = {2043--2046},
 numpages = {4},
 publisher = {ACM},
} 

@inproceedings{Harrison:2010:SAB:1753326.1753394,
 author = {Harrison, Chris and Tan, Desney and Morris, Dan},
 title = {Skinput: Appropriating the Body As an Input Surface},
 series = {CHI'10},
 pages = {453--462},
 publisher = {ACM},
} 

http://ppt.cc/hO2j

@misc{TopGames,
  key = "Top 90 Casual Games List",
  title = {{Top 90 Casual Games List}},
   note = {\url{http://ppt.cc/hO2j}, Analyzed at 2014-08-14}
}

@misc{Steam,
  key = "Steam",
  title = {{Steam}},
   note = {\url{http://store.steampowered.com}}
}

@misc{GameStop,
  key = "GameStop",
  title = {{GameStop}},
   note = {\url{http://www.gamestop.com}}
}

@misc{VGChartz,
  key = "VGChartz",
  title = {{VGChartz}},
   note = {\url{http://www.vgchartz.com}}
}

@misc{appannie,
  key = "App Annie",
  title = {{App Annie}},
   note = {\url{http://www.appannie.com}}
}



@inproceedings{Kuittinen:2007:CGD:1328202.1328221,
 author = {Kuittinen, Jussi and Kultima, Annakaisa and Niemel\"{a}, Johannes and Paavilainen, Janne},
 title = {Casual Games Discussion},
 series = {Future Play'07},
 pages = {105--112},
 numpages = {8},
 publisher = {ACM},
} 


@inproceedings{Reis:2012:EMC:2405577.2405651,
 author = {Reis, Sofia},
 title = {Expanding the Magic Circle in Pervasive Casual Play},
 series = {ICEC'12},
 pages = {486--489},
 publisher = {Springer-Verlag},
} 

@inproceedings{Biskupski:2014:DEB:2559206.2580097,
 author = {Biskupski, Alexander and Fender, Andreas R. and Feuchtner, Tiare M. and Karsten, Marcel and Willaredt, Jonas D.},
 title = {Drunken Ed: A Balance Game for Public Large Screen Displays},
 series = {CHI EA'14},
 pages = {289--292},
 publisher = {ACM},
} 

@article{Jurgelionis:2011:PET:2027456.2027462,
 author = {Jurgelionis, Audrius and Nap, Henk Herman and Gajadhar, Brian J. and Bellotti, Francesco and Wang, A. I. and Berta, Riccardo},
 title = {Player Experience and Technical Performance Prospects for Distributed 3D Gaming in Private and Public Settings},
 journal = {Comput. Entertain.},
 issue_date = {November 2011},
 pages = {16:1--16:19},
 publisher = {ACM},
} 

@misc{acrobat,
  key = "acrobat",
  title = {{Adobe Acrobat Reader 7}},
   note = {\url{http://www.adobe.com/products/acrobat/}}
}

@article{ethics,
  title = {{Social Impacts of Computing: Codes of Professional Ethics}},
  author = {Ronald E. Anderson},
  journal = "Social Science Computer Review December",
  year = 1992,
  volume = 10,
  number = 4,
  pages = "453-469"
}

@article{HandAndMind,
  title = {{Hand and Mind: What Gestures Reveal about Thought}},
  author = {McNeill, D},
   year = 1992,
  publisher = {University of Chicago Press},
}






@misc{acm_categories,
  key = "association",
  title = {{How to Classify Works Using ACM's Computing Classification System}},
  note = {\url{http://www.acm.org/class/how_to_use.html}},
},


@misc{acm_categories,
  key = "association",
  title = {{How to Classify Works Using ACM's Computing Classification System}},
  note = {\url{http://www.acm.org/class/how_to_use.html}},
}

@inproceedings{Klemmer:2002:WSC:503376.503378,
 author = {Klemmer, Scott R. and Thomsen, Michael and Phelps-Goodman, Ethan and Lee, Robert and Landay, James A.},
 title = {Where do web sites come from?: capturing and interacting with design history},
 booktitle = {Proc. CHI 2002},
 year = {2002},
 pages = {1--8},
 publisher = {ACM Press},
} 

@inproceedings{Mather:2000:MUT,
  title = {Making up titles for conference papers},
  author = {Mather, B. D.},
  booktitle = {Ext. Abstracts CHI 2000},
  year = 2000,
  publisher = "ACM Press",
  pages = "1-2",
}

@book{Schwartz:1995:GBF,
  title = {{Guidelines for Bias-Free Writing}},
  author = {Schwartz, Marilyn},
  publisher = {Indiana University Press},
  location = {Bloomington, IN, USA},
  year = 1995,
}

@inproceedings{Zellweger:2001:FAO:504216.504224,
 author = {Zellweger, Polle T. and Bouvin, Niels Olof and Jeh{\o}j, Henning and Mackinlay, Jock D.},
 title = {Fluid annotations in an open world},
 booktitle = {Proc. Hypertext 2001},
 year = {2001},
 pages = {9--18},
 publisher = {ACM Press},
} 

